<?xml version="1.0" encoding="UTF-8"?>
<collection xmlns:xsi="http://www.w3.org/2001/XMLSchema-instance" xsi:schemaLocation="http://www.loc.gov/MARC21/slim http://www.loc.gov/standards/marcxml/schema/MARC21slim.xsd" xmlns="http://www.loc.gov/MARC21/slim">
<record>
  <leader>00871cam a22002291  4500</leader>
  <controlfield tag="001">2958813</controlfield>
  <controlfield tag="003">NNC</controlfield>
  <controlfield tag="005">20130426002734.0</controlfield>
  <controlfield tag="008">010213s1943    ua            000 0 ara d</controlfield>
  <datafield tag="035" ind1=" " ind2=" ">
    <subfield code="a">(OCoLC)ocm45901574</subfield>
  </datafield>
  <datafield tag="035" ind1=" " ind2=" ">
    <subfield code="9">ASK3936CU</subfield>
  </datafield>
  <datafield tag="035" ind1=" " ind2=" ">
    <subfield code="a">(NNC)2958813</subfield>
  </datafield>
  <datafield tag="040" ind1=" " ind2=" ">
    <subfield code="a">ZCU</subfield>
    <subfield code="c">ZCU</subfield>
  </datafield>
  <datafield tag="090" ind1=" " ind2=" ">
    <subfield code="a">BP160.M56</subfield>
    <subfield code="b">A4</subfield>
  </datafield>
  <datafield tag="100" ind1="1" ind2=" ">
    <subfield code="a">Āl al-Shaykh, ʻAbd al-Raḥmān ibn Ḥasan,</subfield>
    <subfield code="d">1779?-1868?</subfield>
  </datafield>
  <datafield tag="245" ind1="1" ind2="0">
    <subfield code="a">Fatḥ al-majīd, sharḥ Kitāb al-tawḥīd,</subfield>
    <subfield code="c">taʾlīf al-shaykh ʻAbd al-Raḥmān ibn Ḥasan Āl-al-Shaykh (al-mutawaffā sanata 1258 h.),  bitaḥqīq Muḥammad Ḥamīd al-F[a]qī.</subfield>
  </datafield>
  <datafield tag="250" ind1=" " ind2=" ">
    <subfield code="a">al-Tạbʻah al-4.</subfield>
  </datafield>
  <datafield tag="260" ind1=" " ind2=" ">
    <subfield code="a">Miṣr,</subfield>
    <subfield code="b">Maṭbaʻat Anṣār al-Sunnah al-Muḥammadīyah,</subfield>
    <subfield code="c">1362 [1943]</subfield>
  </datafield>
  <datafield tag="300" ind1=" " ind2=" ">
    <subfield code="a">512 p.</subfield>
  </datafield>
  <datafield tag="600" ind1="0" ind2="0">
    <subfield code="a">Muḥammad ibn ʻAbd al-Wahhāb,</subfield>
    <subfield code="d">1703 or 1704-1792.</subfield>
    <subfield code="t">Tawḥīd.</subfield>
  </datafield>
  <datafield tag="650" ind1=" " ind2="0">
    <subfield code="a">God (Islam)</subfield>
  </datafield>
  <datafield tag="955" ind1=" " ind2=" ">
    <subfield code="b">CU55325653</subfield>
    <subfield code="d">off,glx</subfield>
    <subfield code="e">BP160.M56 A4</subfield>
  </datafield>
</record>
</collection>